@article{semaphorev1whitepaper,
  title={Semaphore: Zero-Knowledge Signaling on Ethereum},
  author={Kobi Gurkan, Koh Wei Jie, Barry Whitehat},
  year={2020},
  url={https://semaphore.pse.dev/whitepaper-v1.pdf}
}

@article{semaphorev4auditreport,
  title={Semaphore v4 Audit Report},
  author={PSE},
  year={2024},
  url={https://semaphore.pse.dev/Semaphore_4.0.0_Audit.pdf}
}